@article{lean2015,
  title={Theorem proving in Lean},
  author={Avigad, Jeremy and De Moura, Leonardo and Kong, Soonho},
  journal={Release},
  volume={3},
  number={0},
  pages={1--4},
  year={2015}
}
